%% FELthesis: LaTeX class for both bachelor, master, and phd thesis
%% template.bib: bibliography file (UTF-8 encoding for biber)
%% (c) 2012 Vit Zyka, vit.zyka at seznam.cz
%%
%% 2012-12-19 v0.1 first version

@misc{TimerCookbook,
	author = {STMicroelectronics},
	title = {Application note {AN4776} General-purpose timer cookbook for {STM32} microcontrollers},
	organization      = {Rev 3},
	addendum ="Dostupné z \url{https://www.st.com/resource/en/application_note/dm00236305.pdf}",
	month        = 7,
	year         = 2019,
	howpublished = "[online]",
	note = "[cit. 2020-02-05]"}
	
	@misc{UM_G4_HAL_LL,
		author = {STMicroelectronics},
		title = {Usermanual UM2570 Description of STM32G4 HAL and low-layer drivers},
		organization      = {Rev 2},
		addendum ="Dostupné z     \url{https://www.st.com/resource/en/application_note/dm00236305.pdf}",
		month        = 8,
		year         = 2020,
		howpublished = "[online]",
		note = "[cit. 2023-04-29]"}
		
		@misc{AN_CCMSRAM,
			author = {STMicroelectronics},
			title = {Application note {AN426} Use STM32F3/STM32G4 CCM SRAM with IAR Embedded Workbench®, Keil®
			MDK-ARM, STMicroelectronics STM32CubeIDE and other GNU-based toolchains },
			organization      = {Rev 5},
			addendum ="Dostupné z \url{https://www.st.com/resource/en/application_note/an4296-use-stm32f3stm32g4-ccm-sram-with-iar-embedded-workbench-keil-mdkarm-stmicroelectronics-stm32cubeide-and-other-gnubased-toolchains-stmicroelectronics.pdf}",
			month        = 02,
			year         = 2021,
			howpublished = "[online]",
			note = "[cit. 2023-04-29]"}
	
@misc{ADC_Modes,
		author = {STMicroelectronics},
		title = {Application note {AN3116} STM32™’s ADC modes
		and their applications},
		organization      = {Rev 1},
		addendum ="Dostupné z \url{https://www.st.com/resource/en/application_note/an3116-stm32s-adc-modes-and-their-applications-stmicroelectronics.pdf}",
		month        = 03,
		year         = 2010,
		howpublished = "[online]",
		note = "[cit. 2023-05-02]"}
		
		@misc{ADC_Acuraccy,
			author = {STMicroelectronics},
			title = {Application note {AN2834} How to get the best ADC accuracy
			in STM32 microcontrollers},
			organization      = {Rev 1},
			addendum ="Dostupné z \url{https://www.st.com/resource/en/application_note/cd00211314-how-to-get-the-best-adc-accuracy-in-stm32-microcontrollers-stmicroelectronics.pdf}",
			month        = 01,
			year         = 2022,
			howpublished = "[online]",
			note = "[cit. 2023-05-02]"}
			
					@misc{CORDIC,
				author = {STMicroelectronics},
				title = {How to use the CORDIC to perform mathematical functions on STM32 MCUs},
				organization      = {Rev 5},
				addendum ="Dostupné z \url{https://www.st.com/resource/en/application_note/an5325-how-to-use-the-cordic-to-perform-mathematical-functions-on-stm32-mcus-stmicroelectronics.pdf}",
				month        = 02,
				year         = 2023,
				howpublished = "[online]",
				note = "[cit. 2023-05-05]"}

@misc {refG4,
	author = {STMicroelectronics},
	title = {Reference manual {RM0440} STM32G4 Series	advanced Arm®-based 32-bit MCUs},
	organization      = {Rev 7},
	howpublished="[online]",
	month        = 1,
	year         = 2017,
	addendum="Dostupné z \url{https://www.st.com/resource/en/reference_manual/rm0440-stm32g4-series-advanced-armbased-32bit-mcus-stmicroelectronics.pdf}",
	note ="[cit. 2023-04-30]"}

@manual {NucleoMB1136,
	author = {STMicroelectronics},
	title = {User manual {UM1724} STM32 Nucleo-64 boards (UM1724)
	},
	organization      = {Rev 13},
	howpublished= "[online]",
	addendum ="Dostupné  \url{https://www.st.com/resource/en/user_manual/dm00105823-stm32-nucleo64-boards-mb1136-stmicroelectronics.pdf}",
	month        = 04 ,
	year         = 2019,
	note ="[cit. 2020-05-18]"}  


@manual {dataG431,
	author = {STMicroelectronics},
	title = {Datasheet {DS12589} STM32G431x6 STM32G431x8
	STM32G431xB
	},
	organization      = {Rev 6},
	howpublished= "[online]",
	addendum ="Dostupné  \url{https://www.st.com/resource/en/datasheet/stm32g431kb.pdf}",
	month        = 10,
	year         = 2021,
	note = "[cit. 2023-05-06]"}


@manual {databriefL152disco,
	author = {STMicroelectronics},
	title = {Discovery kits for STM32L151/152 line },
	organization      = {Rev 4},
	howpublished= "[online]",
	addendum ="Dostupné z \url{https://www.st.com/resource/en/data_brief/32l152cdiscovery.pdf}",
	month        = 9,
	year         = 2014,
	note = "[cit. 2020-02-05]" }


@misc{HSE_Datasheet,
	author = {Interquip Electronics (Shenzhen) Co},
	title = {RoHS/SONY compliance quartz crystal unit specification},
	howpublished= "[online]",
	addendum ="Dostupné z \url{https://eu.mouser.com/datasheet/2/737/2213datasheet-1915448.pdf}",
	note = "[cit. 2023-04-22]"}

@misc{DujavaDIP,
	author = {Jan Dujava},
	title = {Softvérovo definované osciloskopy s terminálovým rozhraním},
	year         = {2023},
	institution = {Czech Technical University, Faculty of Electrical Engineering},
	note = "[cit. 2023-03-15]"
	}
	
	@misc{BerlingerDIP,
		author = {Adam Berlinger},
		title = {Implementace přístrojových funkcí s využitím
		mikrořadičů STM32},
		year         = {2016},
		institution = {Czech Technical University, Faculty of Electrical Engineering},
		note = "[cit. 2023-05-23]"
	}
	

@misc {ScopeRigol,
	author = {RIGOL TECHNOLOGIES, INC},
	title = {DatasheetDS1000E, DS1000D Series 
	Digital Oscilloscopes},
	howpublished= "[online]",
	month        = {12},	year = {2015},
	addendum ="Dostupné z \url{https://www.rigol-uk.co.uk/jg/wp-content/uploads/2021/08/Rigol_DS1052E_Series_Digital_Oscilloscopes_Datasheet.pdf}",
	note = "[cit. 2020-04-13]"}

@misc {LS7366,
	author = {LSI Computer Systems, Inc.},
	title = {datasheet LS7366R 32-BIT QUADRATURE COUNTER WITH SERIAL INTERFACE },
	month        = 06,
	year         = 2014,
	howpublished= "[online]",
	addendum ="Dostupné z \url{https://lsicsi.com/datasheets/LS7366R.pdf}",
	note = "[cit. 2020-04-29]"}

@misc{cite:3,
	author = {Creative Robotics Ltd},
	title = {What are Quadrature Encoders},
	month        = 7,
	year         = 2017,
	howpublished= "[online]",
	addendum = "Dostupné z \url{http://www.creative-robotics.com/quadrature-intro}",
	note =	"[cit. 2020-03-05]"}


@misc{armCmsis,
	author = {Arm Limited},
	title = {CMSIS},
	howpublished= "[online]",
	month        = 7,
	year         = 2017,
	addendum= "Dostupné z	 \url{https://developer.arm.com/tools-and-software/embedded/cmsis}",
	note ="[cit. 2020-02-08]"}


@misc{CMSISMotorControl,
	author = {Arm Limited},
	title = {PID Motor Control},
	month        = 04,
	year         = 2020,
	howpublished= "[online]",
	addendum="Dostupné z \url{http://www.keil.com/pack/doc/CMSIS/DSP/html/group__PID.html}",
	note ="[cit. 2020-05-06]"}





@misc{cite:ScienceDirect,
	author = {Jean Pollefliet},
	title = {Current -, Angular Position -, Speed Transducers},
	organization      = {Science Direct},
	year         = 2018,
	addendum="Dostupné z 
	\url{https://www.sciencedirect.com/topics/engineering/incremental-encoder}",
	howpublished= "[online]",
	note ="[cit. 2020-02-05]"}

@misc{cite:differentialOutput,
	author = {Murata Manufacturing},
	title = {Characteristics of common mode choke coils for signal lines and how to choose one },
	organization      = {Science Direct},
	year         = 2016,
	month = 12,
	howpublished= "[online]",
	addendum = "Dostupné z \url{https://www.murata.com/en-global/products/emiconfun/emc/2016/11/15/20161115-p1}",
	note ="[cit. 2020-04-25]"}

@misc{cite:SinCosEncoders,
	author = {DanielleCollins},
	title = {What is a sine encoder (aka sine-cosine encoder)?},
	organization      = {Motion Control tips},
	month=10,
	year = 2019,
	addendum = "Dostupné z
	\url{https://www.motioncontroltips.com/what-is-a-sine-encoder-aka-sine-cosine-encoder/}",
	howpublished= "[online]",
	note ="[cit. 2020-04-17]"}


@misc{TIMHD44780,
	author = {Tilen Majerle },
	title = {HAL library 15- HD44780 for STM32Fxxx},
	organization      = {Motion Control tips},
	month= 07,
	year = 2015,
	addendum="Dostupné z \url{https://stm32f4-discovery.net/2015/07/hal-library-15-hd44780-for-stm32fxxx/}",
	howpublished= "[online]",
	note = "[cit. 2020-05-20]"}

@misc{cite:QuadratureEncoding,
	author = {Danielle Collins},
	title = {What is quadrature encoding?},
	organization      = {Linear Motion Tips},
	month        = 4,
	year         = 2017,
	howpublished= "[online]",
	addendum="Dostupné z \url{https://www.linearmotiontips.com/what-is-quadrature-encoding}",
	note = "[cit. 2019-12-10]"}

@misc{cite:LarmSnimace,
	author = {LARM a.s.},
	title = {Snímače, ventily, sondy},
	addendum = "Dostupné z \url{http://www.larm.cz/snimace-ventily-sondy/bxc}",
	howpublished= "[online]",
	note ="[cit. 2020-03-05]"}

@misc{cite:Encoder,
	author = {National Instruments},
	title = {Encoder Measurements: How-To Guide},
	month        = 10,
	year         = 2019,
	howpublished= "[online]",
	addendum ="Dostupné z \url{http://www.ni.com/tutorial/7109/en/}",
	note ="[cit. 2020-01-16]"}

@misc{cite:MericiSondy,
	author = {Essa Praha},
	title = {Měřicí sondy SM xx / SMK xx},
	year         = 2019,
	howpublished= "[online]",
	addendum ="Dostupné z \url{https://www.essapraha.cz/merici-sondy-technicky-popis}",
	note = "[cit. 2020-02-25]"}

@misc{cite:rotacniSnimace,
	author = {Essa Praha},
	title = {Rotační snímače SR xxxx},
	year         = 2019,
	addendum = "Dostupné z \url{https://www.essapraha.cz/rotacni-snimace-technicky-popis}",
	howpublished= "[online]",
	note ="[cit. 2020-03-05]"}

@misc{cite:ADP1,
	author = {Essa Praha},
	title = {Číslicová indikace ADP 1},
	year         = 2019,
	howpublished= "[online]",
	addendum ="Dostupné z \url{https://www.essapraha.cz/cislicova-identifikace-adp-1}" ,
	note ="[cit. 2020-04-02]"}

@misc{ND5023,
	author = {HEIDENHAIN},
	title = {Návod k obsluze ND5023},
	month        = 05,
	year         = 2019,
	howpublished= "[online]",
	addendum = "Dostupné z \url{https://www.heidenhain.cz/fileadmin/pdb/media/MA/ND5000/1221049-C1_BA_ND5023_cs.pdf}",
	note ="[cit. 2020-05-12]"
}

@misc{HeidenhainInterfaces,
	author = {HEIDENHAIN},
	title = {Interfaces of HEIDENHAIN Encoders},
	month  = 09,
	year         = 2019,
	howpublished= "[online]",
	addendum ="Dostupné z \url{https://www.heidenhain.cz/cs_CZ/dokumentace/zaklady/interfaces/}",
	note = "[cit. 2020-05-12]"
}
@misc{HeidenhainVyroba,
	author = {HEIDENHAIN},
	title = {Výrobní Program},
	howpublished= "[online]",
	year= 2018,
	month= 09,
	addendum ="Dostupné z \url{https://www.heidenhain.cz/fileadmin/pdb/media/img/350457-C4_V\%3Frobn\%3F_program_cs.pdf}",
	note = "[cit. 2020-05-9]"
}
@misc{Vystupy,
	author = {National instruments},
	title = {Differences Between Line Driver, Open Collector, and Push Pull Encoders},
	month=1,
	addendum= "Dostupné z \url{https://knowledge.ni.com/KnowledgeArticleDetails?id=kA00Z0000019MXOSA2&l=cs-CZ}",
	note ="[cit. 2020-05-07]",
	year         = 2019,
	howpublished= "[online]"
}

@misc{ imageLinearEnc,
	author = "Wikipedie: otevřená encyklopedie",
	title = "Incremental encoder",
	year="2020",
	month=4,
	addendum = "Dostupné z \url{https://en.wikipedia.org/wiki/Incremental_encoder}",
	howpublished= "[online]",
	note ="[cit. 2020-04-12]"}
}

@misc{ imageRotEnc,
	author = "A. Vojáček",
	title = "Princip optických enkodérů polohy pro řízení motorů",
	month=02,
	year = "2006",
	addendum = "Dostupné z \url{https://automatizace.hw.cz/clanek/2006022801}",
	howpublished= "[online]",
	note = "[cit. 2020-04-7]"}

@misc{image:ReflexDisk,
	author = "Sinotech",
	title = "Optical Encoders Overview",
	month= 05, 
	year = "2019",
	addendum ="Dostupné z \url{https://sinotech.com/products/motors/optical-encoders-overview/}",
	howpublished= "[online]",
	note = "[cit. 2020-05-2]"}

@misc{USB_CDC_labs,
	author = {STMicroelectronics},
	title = {STM32 USB training - 09.1 USB CDC device basic labs},
	month=04,
	year = "2019",
	howpublished= "[online]",
	note ="[cit. 2020-03-10]",
	addendum= "Dostupné z \url{https://www.youtube.com/watch?v=h9T0RTu9Muc}"}

@misc{OwnPhoto,
	author = "Petr David",
	title = "Vlastní fotografie vzniklé pro účely BP ",
	year = "2020"}


\endinput
%%
%% End of file `template.bib'.

